<?xml version="1.0" encoding="UTF-8"?><collection xmlns="http://www.loc.gov/MARC21/slim"><record><leader>00464nam--2200145-i-4500</leader><controlfield tag="001">000045894</controlfield><controlfield tag="002">20161230</controlfield><controlfield tag="005">20161230201045</controlfield><controlfield tag="008">060222s1000------------r-----000-0-eng-d</controlfield><datafield ind1=" " ind2=" " tag="080"><subfield code="a">658.5:681.31</subfield></datafield><datafield ind1=" " ind2=" " tag="100"><subfield code="a">Valin, Christian Et Peres-rain, Michele</subfield></datafield><datafield ind1=" " ind2=" " tag="245"><subfield code="a">L`ordinateur, le service informatique et l`entreprise. preface de andre grandpierre</subfield></datafield><datafield ind1=" " ind2=" " tag="260"><subfield code="a">Tours, Fayard-mame, 1971, 255p</subfield></datafield><datafield ind1=" " ind2=" " tag="490"><subfield code="a">Management: Fonctions, Methodes, Experiences</subfield></datafield><datafield ind1=" " ind2=" " tag="852"><subfield code="a">35065</subfield></datafield></record></collection>